%% This BibTeX bibliography file was created using BibDesk.
%% http://bibdesk.sourceforge.net/


%% Created for Florent Pavin at 2010-03-31 10:45:41 +0200 


%% Saved with string encoding Unicode (UTF-8) 



@mastersthesis{GuideDeMiseEnOeuvreDesTestsDeNonRegression,
	Author = {Guillaume N. AND Jonathan I.},
	Date-Added = {2009-04-29 15:00:47 +0200},
	Date-Modified = {2009-04-29 15:02:36 +0200},
	Month = {June},
	School = {IUT Angers},
	Title = {Guide de mise en oeuvre des tests de non-r{\'e}gression},
	Year = {2008}}

@manual{Embunit,
	Address = {http://embunit.sourceforge.net/},
	Author = {Embedded Unit Project},
	Date-Added = {2009-04-29 14:56:49 +0200},
	Date-Modified = {2009-06-09 16:31:56 +0200},
	Rating = {0},
	Title = {EmbUnit},
	Year = {2003},
	Bdsk-Url-1 = {http://embunit.sourceforge.net/}}

@manual{TrampolineTestImplementation_10,
	Author = {Florent PAVIN and Jean-Luc BECHENNEC},
	Date-Added = {2009-04-29 14:52:24 +0200},
	Date-Modified = {2009-04-29 14:52:49 +0200},
	Edition = {1.0},
	Organization = {IRCCYN},
	Rating = {0},
	Read = {Non},
	Title = {Trampoline (OSEK/VDX) Test Procedure},
	Year = {April 2009}}

@manual{OSEK_COM_303,
	Author = {Consortium OSEK/VDX},
	Date-Added = {2009-03-31 14:39:28 +0200},
	Date-Modified = {2009-03-31 14:41:10 +0200},
	Edition = {3.0.3},
	Title = {OSEK/VDX Communication},
	Year = {2004}}

@manual{OSEK_OS_20,
	Author = {Consortium OSEK/VDX},
	Date-Added = {2009-02-24 14:17:24 +0100},
	Date-Modified = {2009-02-24 14:17:42 +0100},
	Edition = {2.0},
	Title = {OSEK/VDX Operating System},
	Year = {2001}}

@manual{OSEK_OS_223,
	Author = {Consortium OSEK/VDX},
	Date-Added = {2009-02-24 14:15:49 +0100},
	Date-Modified = {2009-02-24 14:17:23 +0100},
	Edition = {2.2.3},
	Title = {OSEK/VDX Operating System},
	Year = {17th February 2005}}

@manual{OSEK_Test_Procedure_20,
	Author = {Consortium OSEK/VDX},
	Date-Added = {2009-02-24 14:14:41 +0100},
	Date-Modified = {2009-02-24 14:16:50 +0100},
	Edition = {2.0},
	Title = {OSEK/VDX OS Test Procedure},
	Year = {21st April 1999}}

@manual{OSEK_Test_Plan_20,
	Author = {Consortium OSEK/VDX},
	Date-Added = {2009-02-24 14:11:04 +0100},
	Date-Modified = {2009-02-24 14:16:46 +0100},
	Edition = {2.0},
	Title = {OSEK/VDX OS Test Plan},
	Year = {16th April 1999}}

@manual{TrampolineTestPlan_10,
	Author = {Florent PAVIN and Jean-Luc BECHENNEC},
	Date-Added = {2009-02-24 14:11:04 +0100},
	Date-Modified = {2009-04-03 11:17:57 +0200},
	Edition = {1.0},
	Organization = {IRCCYN},
	Rating = {0},
	Read = {Non},
	Title = {Trampoline (OSEK/VDX) Test Plan},
	Year = {February 2009}}

@manual{TrampolineTestProcedure_10,
	Author = {Florent PAVIN and Jean-Luc BECHENNEC},
	Date-Added = {2009-02-24 14:11:04 +0100},
	Date-Modified = {2009-04-03 11:18:06 +0200},
	Edition = {1.0},
	Organization = {IRCCYN},
	Rating = {0},
	Read = {Non},
	Title = {Trampoline (OSEK/VDX) Test Procedure},
	Year = {February 2009}}
