%% This BibTeX bibliography file was created using BibDesk.
%% http://bibdesk.sourceforge.net/


%% Created for Jean-Luc BÃ©chennec at 2019-04-03 15:04:59 +0200 


%% Saved with string encoding Unicode (UTF-8) 



@techreport{slau208q,
	Author = {Texas Instruments},
	Date-Added = {2019-04-03 15:02:00 +0200},
	Date-Modified = {2019-04-03 15:02:00 +0200},
	Institution = {Texas Instruments Incorporated},
	Month = {March},
	Title = {\href{http://www.ti.com/lit/ug/slau208q/slau208q.pdf}{{MSP430x5xx} and {MSP430x6xx} Family User's Guide}},
	Year = {2018}}

@techreport{slau367o,
	Author = {Texas Instruments},
	Date-Added = {2019-04-03 14:52:53 +0200},
	Date-Modified = {2019-04-03 15:04:59 +0200},
	Institution = {Texas Instruments Incorporated},
	Month = {December},
	Title = {\href{http://www.ti.com/lit/ug/slau367o/slau367o.pdf}{{MSP430FR58xx}, {MSP430FR59xx}, and {MSP430FR6xx} Family User's Guide}},
	Year = {2017}}

@techreport{slaa534,
	Author = {Texas Instruments},
	Date-Added = {2019-04-01 11:55:46 +0200},
	Date-Modified = {2019-04-03 14:50:34 +0200},
	Institution = {Texas Instruments incorporated},
	Month = {June},
	Title = {\href{http://www.ti.com/lit/an/slaa534/slaa534.pdf}{{MSP430} Embedded Application Binary Interface}},
	Year = {2013}}

@techreport{slaa664,
	Author = {Texas Instruments},
	Date-Added = {2019-04-01 09:57:28 +0200},
	Date-Modified = {2019-04-03 14:51:27 +0200},
	Institution = {Texas Instruments Incorporated},
	Month = {February},
	Title = {\href{http://www.ti.com/lit/an/slaa664/slaa664.pdf}{Calling Convention and {ABI} Changes in {MSP GCC}}},
	Year = {2015}}
